3026 4450
134 2038 146 2122 l

136 2609 145 2680 l

142 3989 151 4046 l

143 4199 169 4271 l.

185 517 215 565 u,
228 508 353 574 92·13o.]
396 522 400 532 ·
544 507 680 561 HORATI
704 505 898 560 SERMONES.

189 669 322 746 Nonne,
341 669 552 752 cupidinibus
568 681 694 735 statuat
710 682 830 735 natura
847 672 981 735 modum
998 690 1107 753 quern,

184 770 264 857 quid
276 770 471 851 laturasibi,
487 772 565 857 quid
582 774 626 838 sit
643 774 785 838 dolitura
801 782 971 856 negatum,

187 896 347 959 quaerere
360 877 438 960 plus
454 879 590 960 prodest
607 889 641 943 et
657 877 756 942 inane
772 878 968 942 abscindere
985 876 1102 941 soldol

188 979 288 1059 Num,
306 979 369 1045 tibi
385 1002 461 1045 cum
477 978 592 1047 fauces
608 982 675 1046 urit
692 982 776 1058 sitis,
794 1002 894 1046 aurea
910 981 1042 1064 quaeris

188 1084 305 1166 pocula
316 1085 328 1148 ?
339 1169 341 1176 y
352 1085 442 1151 Num
460 1085 611 1151 esuriens
626 1085 759 1152 fastidis
776 1086 888 1151 omnia
903 1094 1036 1169 praeter
1202 1111 1243 1159 115

188 1208 351 1270 pavonem
382 1190 649 1273 rhombumque?
700 1191 850 1255 Tument
881 1189 944 1254 tibi
979 1210 1055 1253 curn
1094 1187 1241 1272 inguina,

274 1313 365 1369 num,
384 1293 412 1356 si

187 1395 307 1460 ancilla
322 1405 379 1459 aut
395 1416 497 1460 verna
512 1407 563 1460 est
580 1408 715 1481 praesto
730 1418 823 1480 puer,
841 1397 986 1479 impetus
1004 1396 1038 1460 in
1055 1417 1153 1479 quem

188 1498 347 1562 continuo
362 1499 430 1573 fiat,
448 1499 544 1563 malis
560 1500 726 1582 tentigine
741 1499 874 1583 rumpi?

189 1600 263 1665 Non
282 1621 365 1686 ego:
389 1623 532 1685 namque
548 1603 730 1685 parabilem
747 1623 995 1667 amovenerem
1011 1601 1218 1685 facilemque.

187 1705 291 1783 Illam,
311 1705 409 1770 ‘Post
426 1706 544 1789 paulu,'
564 1707 652 1772 ‘Sed
668 1707 791 1791 pluris;’
810 1707 866 1772 ‘Si
882 1705 999 1771 exierit
1016 1705 1086 1782 vir,’
1200 1735 1241 1768 ιω

187 1809 301 1886 Gallis,
318 1811 405 1874 hanc
421 1810 636 1875 Philodemus
652 1811 698 1875 ait
715 1811 788 1888 sibi,
805 1809 890 1895 quae
906 1831 1015 1894 neque
1030 1831 1153 1895 magno

186 1922 251 1976 stet
268 1913 376 1997 pretio
393 1934 501 1996 neque
517 1925 703 1991 cunctetur,
722 1936 797 1978 cum
814 1923 866 1978 est
882 1914 973 1978 iussa
988 1913 1112 1977 venire.

187 2015 339 2081 Candida
354 2027 511 2100 rectaque
527 2017 592 2095 sit;
616 2020 741 2081 munda
756 2018 929 2093 hactenus,
947 2026 984 2080 ut
1000 2036 1109 2099 neque
1126 2016 1225 2098 longa

185 2138 247 2183 nec
264 2119 372 2202 magis
387 2119 462 2184 alba
477 2119 566 2194 velit,
585 2141 684 2203 quarn
701 2121 758 2183 dat
775 2130 903 2196 natura,
920 2119 1034 2182 videri.

187 2222 283 2286 Haec
299 2219 356 2285 ubi
372 2221 546 2304 supposuit
564 2223 682 2286 dextro
699 2243 819 2304 corpus
836 2221 918 2285 mihi
935 2222 1077 2298 laevum,
1199 2249 1241 2296 ης

187 2324 249 2390 Ilia
264 2333 299 2390 et
316 2324 440 2410 Egeria
455 2334 506 2389 est
519 2326 593 2393 :do
610 2347 733 2390 nomen
750 2326 921 2410 quodlibet
938 2324 995 2402 illi,

185 2449 248 2494 nec
264 2449 390 2506 vereor,
407 2450 460 2509 ne,
477 2431 557 2494 dum
573 2431 679 2508 futuo,
696 2430 747 2495 vir
762 2452 838 2495 rure
854 2439 1013 2507 recurrat,

185 2533 284 2600 ianua
298 2536 483 2620 frangatur,
500 2536 600 2601 latret
616 2537 718 2613 canis,
737 2536 883 2620 undique
898 2556 1021 2619 magno

185 2638 281 2721 pulsa
296 2640 416 2704 domus
433 2640 576 2722 strepitu
592 2649 736 2716 resonet,
753 2641 919 2722 vepallida
934 2639 1023 2703 lecto

185 2740 317 2804 desiliat
333 2741 460 2817 mulier,
477 2741 632 2806 miseram
650 2763 686 2806 se
702 2742 836 2806 conscia
851 2741 983 2817 clamet,
1200 2769 1243 2816 ιφ

221 2952 275 2992 ur.
293 2949 410 2992 ustura:
429 2943 468 2993 ἀι.
485 2943 583 2993 natural
600 2949 688 3002 wants,
739 2943 814 2994 Some
823 2943 872 2994 lost
881 2943 994 3008 epigram
1003 2942 1033 2993 of
1038 2943 1152 2994 hisisno
1161 2945 1241 2995 doubt

185 3021 213 3055 ss
222 3009 336 3072 opposed
346 3014 372 3056 to
381 3009 512 3073 perverted
521 3009 616 3058 desire·
625 3009 688 3058 bom
733 3011 833 3074 ¹quoted
846 3025 874 3058 or
886 3009 987 3058 alluded
1000 3015 1034 3058 to.

184 3071 214 3120 of
222 3087 255 3121 uu
267 3072 380 3152 artificial
393 3073 552 3122 civilization.
775 3087 828 3136 123.
848 3075 894 3133 sit,
917 3074 1008 3123 should
1027 3075 1061 3135 be,
1079 3083 1148 3124 mres!
1168 3075 1241 3125 be.-

182 3139 689 3272 slssdsst·¹;t-lhbdl⁰la⁰dl
740 3140 1241 3273 htsttrsllldstf-‘tzltti33

182 3278 330 3334 nemum,
342 3270 413 3320 what
423 3271 573 3336 privatim,
584 3278 631 3320 etc.
739 3287 826 3320 means
835 3271 865 3320 of
874 3287 922 3335 any
932 3271 1034 3323 c'oiffure
1043 3288 1071 3322 or
1080 3272 1142 3336 high
1152 3271 1230 3322 beels.

218 3347 272 3400 up
292 3335 387 3396 maus,
410 3337 451 3386 the
472 3336 689 3396 stom-soluo,
776 3349 829 3398 124.
847 3337 1013 3402 ἀειφανής,
1026 3339 1065 3387 sle.
1077 3339 1138 3388 then
1153 3346 1242 3388 nature

182 3401 221 3450 the
231 3401 365 3452 substance
376 3401 429 3467 (for
442 3401 506 3452 form
515 3402 689 3466 seclusos).
740 3401 786 3451 hes
796 3403 870 3451 made
882 3403 935 3452 her.

218 3477 273 3528 114.
293 3481 373 3526 num,
383 3483 437 3531 say,
449 3483 478 3516 or
490 3469 535 3516 tell
544 3484 590 3516 me.
776 3466 829 3516 126.
849 3467 909 3526 1112,
921 3475 983 3516 ete:
998 3469 1037 3517 s'ae.
1049 3468 1078 3517 of
1087 3469 1130 3518 the
1142 3469 1242 3518 noblest

218 3541 273 3580 ιω.
293 3531 371 3580 illurn
391 3530 437 3596 (sc.
454 3531 553 3596 esse)=
575 3532 689 3596 opposed
740 3531 815 3579 birth.

184 3601 210 3644 to
227 3596 314 3655 hune,
325 3611 350 3644 v.
365 3597 519 3646 ras—sed
537 3596 635 3660 pluris,
648 3597 692 3644 but
726 3595 728 3600 '
777 3608 830 3657 129.
848 3595 1009 3659 pulsa,with
1021 3595 1060 3641 tis
1071 3595 1240 3656 huochingu—

181 3659 230 3726 [ον
241 3675 312 3710 more
324 3675 421 3724 money.
448 3661 532 3710 These
545 3661 690 3725 quotations
740 3660 889 3724 vepallida,
912 3660 987 3708 white
1007 3677 1036 3708 as
1057 3677 1074 3708 a
1091 3659 1162 3722 sicet,
1180 3662 1241 3710 with

183 3740 225 3775 nte
234 3726 334 3776 treated
346 3741 373 3776 ss
385 3726 536 3792 descriptive
546 3726 689 3790 adjectives,
740 3739 790 3774 ve·
802 3725 926 3775 intensive
941 3725 1018 3788 (orig.
1030 3726 1093 3775 out?
1109 3725 1140 3775 cf.
1151 3726 1211 3786 ex).

183 3806 212 3839 or
224 3791 334 3856 epithets
347 3791 377 3840 of
385 3791 429 3841 the
440 3808 548 3842 woman.
776 3804 830 3854 130.
849 3791 992 3850 miseram,
1010 3798 1071 3840 ete:
1091 3791 1117 3840 in
1136 3791 1242 3854 English

220 3868 273 3906 121.
294 3857 392 3918 Gnllls,
402 3857 445 3907 the
454 3857 545 3923 priests
554 3858 583 3907 of
589 3856 690 3921 Cybele.
740 3856 878 3906 weshould
887 3857 954 3923 keep
963 3857 1006 3907 the
1015 3858 1094 3906 direct
1106 3857 1241 3916 discourse,
1295 3871 1297 3876 ·

184 3923 423 3984 -Pbllodemus,
435 3940 468 3973 sn
481 3923 622 3989 Epicurean
634 3923 690 3989 phi·
741 3923 783 3982 ah,
806 3923 931 3972 wretched
951 3922 1180 3982 mel—conscia,
1197 3923 1242 3972 her

186 3987 314 4054 losopher,
325 4005 341 4039 ι
353 3996 544 4056 contemporary
555 3989 586 4040 of
593 3990 689 4040 Cicero.
741 3989 892 4056 confidente,
904 4004 920 4039 e
931 3989 1007 4049 slave,
1020 3990 1062 4038 the
1076 3987 1240 4052 gobetweeu.
