3026 4466
195 461 242 516 108
545 463 680 515 HORATI
703 462 899 516 SERMONES.
1129 459 1201 525 [Lis.
1215 461 1246 515 11

194 631 251 716 qui
266 630 494 696 Veientanum
513 631 610 695 festis
626 640 742 714 potare
757 630 876 694 diebus

196 736 367 818 Campana
383 737 501 800 solitus
517 736 616 799 trulla
631 756 839 818 vappamque
856 734 1023 817 profestis

194 843 363 924 quondam
379 841 530 923 lethargo
546 840 664 923 grandi
680 850 733 903 est
750 845 940 921 oppressus,
959 849 995 902 ut
1012 837 1110 903 heres
1209 865 1249 913 145

195 946 259 1007 iam
276 945 400 1008 circum
418 943 544 1006 loculos
560 954 593 1006 et
611 942 712 1006 clavis
728 942 836 1005 laetus
853 962 1022 1024 ovansque

195 1057 350 1112 curreret.
400 1047 502 1109 Hunc
518 1046 668 1109 medicus
685 1046 826 1108 multum
845 1044 933 1109 celer
948 1055 1049 1127 atque
1064 1044 1172 1108 fidelis

195 1151 316 1213 excitat
333 1150 397 1214 hoc
413 1160 531 1231 pacto:
554 1168 705 1212 mensam
726 1149 805 1230 poni
822 1149 914 1211 iubet
930 1156 1032 1230 atque
1153 1131 1156 1144 ’

195 1249 321 1316 effundi
338 1272 453 1315 saccos
471 1272 692 1326 nummorum,
710 1252 869 1314 accedere
885 1250 990 1333 pluris

194 1357 234 1418 ad
252 1356 494 1418 numerandum
508 1375 514 1429 ;
531 1354 700 1416 hominem
715 1354 763 1416 sic
776 1354 883 1434 erigit.
921 1353 1029 1416 Addit
1042 1362 1075 1415 et
1088 1353 1178 1428 illud,
1208 1381 1248 1426 150

197 1459 259 1520 ‘Ni
276 1468 333 1521 tua
349 1457 507 1532 custodis,
525 1457 642 1520 avidus
659 1457 723 1519 ianr
742 1458 824 1520 haec
841 1453 970 1519 auferet
987 1456 1104 1520 heres’

196 1556 305 1624 ‘Men'
319 1561 394 1624 vivo
405 1559 435 1624 1’
477 1560 548 1624 ‘Vt'
561 1559 663 1635 vivas,
682 1560 792 1642 igitur,
809 1559 919 1642 vigila,
937 1560 1001 1623 hoc
1016 1559 1097 1641 age.’
1139 1559 1247 1642 ‘Quid

281 1662 373 1728 vis?’
1283 1657 1288 1666 ’

196 1769 383 1831 ‘Deficient
399 1767 532 1851 inopem
549 1786 656 1830 venae
671 1777 715 1842 te,
733 1767 768 1830 ni
785 1767 879 1830 cibus
896 1776 998 1850 atque

194 1873 314 1956 ingens
330 1873 457 1937 accedit
475 1874 647 1935 stomacho
664 1871 789 1936 fultura
804 1872 923 1936 ruenti.

193 1978 247 2042 Tu
264 1978 399 2042 cessas?
434 1976 603 2060 Agedum,
618 1997 712 2040 sume
725 1978 788 2041 hoc
802 1977 1019 2059 ptisanarium
1033 1975 1170 2062 oryzae'
1208 2005 1248 2050 155

196 2083 342 2166 ‘Quanti
358 2080 533 2165 emptael'
583 2081 726 2146 ‘Parvo’
776 2082 931 2166 ‘Quanti
950 2080 1069 2165 ergo?’
1111 2081 1249 2146 ‘Octus-

282 2185 394 2250 sibus.'
442 2186 579 2249 ‘Eheul
1191 2271 1193 2277 Ι

194 2290 273 2373 quid
290 2289 400 2364 refert,
418 2290 535 2352 morbo
551 2309 593 2351 an
610 2288 709 2352 furtis
727 2310 928 2371 pereamque
944 2289 1071 2370 rapinis
1083 2288 1112 2351 ?'

239 2462 403 2545 Quisnam
429 2462 530 2544 igitur
546 2462 673 2525 sanus?
720 2462 787 2545 Qui
804 2483 871 2526 non
889 2462 1022 2526 stultus.
1071 2460 1249 2544 Quidava·

282 2567 362 2628 rus?

196 2669 328 2733 Stultus
344 2680 378 2732 et
394 2669 541 2734 insanus,
590 2669 690 2752 Quid,
710 2670 739 2733 si
754 2670 828 2753 quis
845 2690 910 2733 non
929 2669 972 2733 sit
989 2690 1117 2744 avarus

195 2773 354 2836 continuo
371 2774 496 2836 sanus?
543 2773 691 2836 Minime.
741 2773 819 2848 Cur,
839 2774 977 2838 Stoice?
1024 2772 1152 2836 Dicam.
1209 2789 1251 2833 ιω

231 2920 284 2970 143.
302 2908 696 2970 Veientanum,acheapwine.

231 2985 284 3033 144.
297 2974 576 3084 {prppgnapommon
584 2973 697 3020 earthen·

195 3052 268 3085 ware.
335 3074 340 3084 .
368 3071 373 3083 .
405 3050 451 3085 ‚11
474 3073 479 3084 .

232 3114 284 3166 ¹45·
303 3102 394 3160 heres,
412 3108 475 3150 etc:
502 3103 541 3150 i.e.
564 3101 697 3165 expeetiug

196 3167 239 3215 the
250 3183 308 3214 man
322 3175 348 3215 to
360 3167 402 3215 dle
414 3173 439 3216 at
451 3182 522 3216 once.

232 3232 285 3295 146.
302 3233 421 3292 loculos,
433 3235 526 3299 coffers.

232 3298 285 3362 148.
303 3301 358 3350 hoc
380 3308 477 3364 pacto:
501 3301 530 3348 in
548 3299 587 3348 the
597 3300 696 3367 follow·

196 3367 244 3483 ing
260 3382 381 3445 manner,
399 3367 438 3417 ae.
456 3367 489 3430 by
507 3382 593 3415 means
610 3367 639 3416 of
658 3365 697 3416 his

196 3449 280 3498 tuing
308 3449 400 3484 assron.

231 3450 339 3566 150.pad
351 3501 572 3550 numerandum:
594 3501 656 3550 asli
672 3509 697 3550 to

196 3567 280 3616 divide
298 3567 340 3616 the
358 3575 444 3626 estate,
462 3567 623 3629 considering
645 3567 698 3616 him

196 3633 296 3696 already
308 3634 381 3682 dead.

232 3711 285 3763 152.
303 3699 359 3747 hoe
371 3713 433 3760 age,
445 3699 498 3747 look
510 3699 578 3746 alive
590 3715 653 3746 noro.

232 3776 285 3829 157.
303 3764 384 3812 furtis
394 3765 565 3826 pereamque
575 3764 695 3827 rapinis:

197 3830 236 3878 ale.
249 3829 291 3877 the
303 3828 461 3891 enormously
477 3829 611 3940 expensive
629 3830 697 3876 med·

196 3892 262 3944 leiue
274 3894 388 3956 required
401 3901 427 3941 to
439 3909 496 3941 cure
527 3894 568 3941 irn.

231 3958 286 4025 158.
306 3959 441 4022 quisnam
465 3973 568 4007 sanus:
597 3958 697 4008 Horace

748 2917 898 3034 stadt,
912 2909 1137 3035 turtius}
1151 2907 1249 3032 hta]

748 3037 847 3095 “Who,
869 3039 937 3094 then,
955 3037 977 3084 is
999 3037 1098 3084 sane?”
1117 3037 1161 3084 but
1179 3036 1211 3085 he
1228 3036 1249 3084 is

748 3102 823 3162 really
838 3103 962 3166 speaking
979 3100 1086 3159 himself,
1098 3102 1148 3149 and
1165 3101 1187 3148 is
1205 3109 1249 3149 not

748 3167 841 3215 carelul
853 3167 882 3215 ol
894 3168 936 3215 the
949 3167 1069 3215 dramatis
1081 3166 1153 3215 form.
1161 3166 1248 3229 -qui

748 3248 806 3282 non
819 3233 939 3283 stultus:
960 3234 1002 3283 the
1014 3233 1111 3283 natural
1126 3233 1195 3282 Stoic
1207 3248 1250 3281 an·

748 3316 817 3359 swer,
828 3300 865 3348 lor
877 3300 1014 3364 according
1025 3307 1051 3349 to
1064 3300 1117 3349 that
1129 3299 1250 3358 doctrine,

748 3367 791 3416 the
802 3368 904 3431 sapiens
916 3367 937 3416 is
949 3367 991 3416 the
1003 3367 1062 3430 only
1074 3367 1168 3432 perfect
1183 3383 1250 3426 man,

749 3435 798 3483 and
817 3435 850 3483 all
872 3434 957 3484 others
979 3450 1021 3484 are
1044 3434 1111 3484 alike
1130 3435 1251 3484 stulti.-

748 3501 818 3564 quid
836 3517 939 3551 avarus
956 3501 1001 3565 (sc.
1018 3501 1093 3564 est):
1113 3518 1128 3550 a
1145 3501 1246 3566 recapit·

749 3567 845 3616 ulation
862 3568 892 3617 ol
907 3569 949 3616 the
961 3569 1098 3632 preceding
1109 3568 1250 3632 exposition

749 3633 776 3681 in
793 3650 808 3681 a
825 3633 914 3683 formal
937 3635 1023 3697 shape,
1042 3643 1068 3682 to
1090 3649 1196 3698 prepare
1213 3632 1251 3681 for

749 3699 792 3747 the
804 3707 860 3747 turn
873 3701 898 3747 in
912 3701 937 3748 si
952 3701 1018 3761 quis
1036 3714 1103 3757 non,
1116 3707 1163 3747 etc.
1196 3699 1251 3746 The

748 3764 830 3812 whole
853 3765 882 3812 of
906 3765 955 3813 this
979 3765 1117 3812 discussion
1148 3763 1173 3812 in
1202 3763 1251 3812 dis·

746 3829 843 3891 jointed
868 3829 995 3892 questions
1019 3830 1039 3877 is
1063 3830 1088 3876 in
1112 3829 1154 3877 the
1184 3828 1251 3877 Stoic

749 3894 811 3956 style
823 3895 852 3942 of
861 3901 998 3952 argument.

785 3958 838 4008 160.
856 3959 1001 4018 continuo,
1013 3966 1043 4006 a!
1052 3974 1128 4015 once,·
1143 3959 1181 4007 ae.
1191 3958 1252 4007 does
