3010 4458
207 457 263 498 nv.
276 450 362 515 ΗΜ
454 421 457 426 ’
558 443 696 498 uorum
719 441 919 498 srrsmmu.
1215 439 1262 496 uu

209 631 328 694 meque
343 620 378 675 et
393 619 436 675 te.
485 610 573 674 Nam
591 631 676 694 quae
691 611 826 675 deserta
840 620 874 674 et
891 609 1061 692 inhospita
1075 618 1191 692 tesqua

209 714 326 790 credis,
343 734 484 778 amoena
499 723 594 776 vocat
612 735 742 778 mecum
759 714 816 797 qui
832 713 945 788 sentit,
963 721 997 776 et
1012 711 1084 776 odit
1236 738 1263 773 ω

209 838 294 900 quae
308 827 347 881 tu
362 817 502 900 pulchra
517 825 624 901 putas.
674 816 799 880 Fomix
813 815 876 881 tibi
891 825 925 879 et
942 825 1043 880 uncta
1057 814 1181 898 popina

203 921 377 985 'incutiunt
394 921 486 985 urbis
503 919 715 996 desiderium,
731 919 839 995 video,
856 927 889 984 et
905 919 995 1001 quod

209 1024 351 1106 angulus
367 1023 432 1087 iste
447 1023 534 1088 leret
550 1023 646 1106 piper
662 1032 696 1087 et
712 1031 768 1088 tus
784 1023 877 1086 ocius
893 1042 966 1098 uva,

211 1144 272 1192 nec
287 1127 398 1191 vicina
412 1128 530 1192 subest
545 1126 660 1192 vinum
676 1128 837 1210 praebere
852 1126 990 1190 taberna

193 1223 194 1226 '
210 1251 294 1316 quae
310 1231 417 1314 possit
433 1230 504 1308 tibi,
523 1251 585 1296 nec
602 1231 759 1296 meretrix
775 1229 922 1306 tibicina,
940 1229 1035 1294 cuius

210 1336 251 1399 ad
267 1335 443 1418 strepitum
461 1334 559 1399 salias
575 1345 683 1399 terrae
699 1335 816 1418 gravis.
866 1335 909 1398 Et
926 1345 1037 1398 tamen
1056 1355 1178 1418 urgues

211 1437 405 1520 iampridem
421 1458 489 1501 non
505 1447 596 1501 tacta
610 1438 779 1520 ligonibus
794 1459 881 1513 arva,
898 1439 1084 1520 bovemque

211 1540 415 1605 disiunctum
432 1561 528 1604 curas
544 1549 579 1603 et
595 1539 722 1604 strictis
738 1537 912 1604 frondibus
928 1540 1051 1623 exples.

211 1643 318 1708 Addit
335 1664 419 1726 opus
435 1643 531 1726 pigro
547 1643 646 1720 rivus,
664 1643 693 1707 si
709 1642 832 1708 decidit
849 1642 964 1721 imber,

212 1748 318 1812 multa
333 1747 420 1811 mole
436 1747 607 1811 docendus
623 1746 735 1829 aprico
747 1767 883 1830 parcere
898 1755 1002 1829 prato.
1238 1775 1267 1821 30

257 1851 356 1915 Nunc
373 1871 444 1932 age,
462 1850 541 1933 quid
558 1859 711 1914 nostrum
727 1861 928 1914 concentum
944 1849 1079 1925 dividat,
1092 1849 1176 1914 audi.

214 1954 324 2038 Quem
341 1963 460 2017 tenues
477 1954 619 2017 decuere
633 1962 733 2035 togae
749 1953 913 2034 nitidique
929 1953 1047 2035 capilli,

213 2078 312 2140 quern
329 2057 396 2120 scis
412 2055 594 2119 immunem
613 2055 754 2119 Cinarae
769 2055 935 2137 placuisse
951 2054 1069 2137 rapaci,

214 2177 311 2239 quern
328 2157 478 2219 bibulum
496 2156 612 2237 liquidi
629 2157 739 2219 media
757 2158 798 2219 de
814 2157 888 2219 luce
906 2156 1048 2230 Falerni,
1123 2152 1126 2158 ’

214 2279 297 2324 cena
312 2258 422 2322 brevis
439 2257 529 2322 iuvat
546 2266 580 2321 et
596 2265 700 2340 prope
716 2257 823 2321 rivum
840 2278 977 2321 somnus
994 2257 1028 2319 in
1045 2257 1155 2322 herba.
1240 2285 1268 2334 ἃς

215 2363 289 2426 Nec
304 2361 424 2434 lusisse
440 2362 552 2445 pudet,
571 2362 630 2425 sed
647 2382 714 2425 non
731 2360 877 2425 incidere
892 2361 1015 2424 ludum.

216 2467 294 2530 Non
310 2465 387 2529 istic
402 2465 537 2549 obliquo
552 2465 649 2529 oculo
665 2485 739 2529 mea
755 2465 930 2530 commoda
946 2464 1119 2548 quisquam

215 2623 259 2673 but
270 2623 338 2688 price
346 2620 406 2686 only
415 2622 458 2671 the
468 2621 596 2687 pleesures
605 2621 635 2671 ol
643 2637 717 2687 eppe·
801 2635 841 2685 3²·
858 2635 946 2685 quem
963 2630 1074 2680 tenues,
1092 2628 1153 2670 etc:
1172 2621 1211 2671 ie.
1226 2620 1270 2671 the

216 2689 268 2739 tite.
768 2687 819 2737 feet
835 2687 856 2737 is
877 2687 889 2736 l
907 2703 948 2736 run
964 2687 1062 2750 getting
1084 2687 1135 2746 old,
1153 2688 1204 2737 and
1226 2687 1269 2737 the

249 2768 288 2818 23.
317 2755 396 2819 piper
424 2762 453 2805 et
480 2762 549 2804 tue:
579 2753 661 2804 which
691 2753 721 2802 ol
768 2753 1139 2819 pleosureelonceenjoyedl
1157 2769 1213 2802 care
1231 2753 1269 2802 sor

216 2837 303 2871 coume
325 2827 419 2870 cannot
441 2819 473 2870 be
490 2835 577 2882 grown
595 2820 621 2868 in
642 2819 716 2884 Itely,
768 2836 803 2870 uo
826 2827 1059 2879 more-tenues,
1074 2819 1219 2886 fine-span,
1242 2835 1270 2868 es

216 2886 260 2942 but
272 2887 330 2950 only
342 2887 369 2935 in
381 2886 487 2950 tropical
499 2886 618 2935 climates.
769 2887 883 2951 opposed
906 2891 933 2934 to
956 2887 999 2935 the
1022 2901 1108 2935 course
1127 2884 1195 2934 cloth
1216 2885 1270 2934 that

238 2964 289 3018 25.
306 2966 359 3001 nec
376 2947 515 3010 meretrix,
533 2958 595 3000 etc:
615 2953 653 3000 cle.
667 2967 718 3015 you
768 2951 873 3001 satislies
900 2951 953 3000 him
976 2968 1040 3001 now.
1083 2952 1125 3000 He
1146 2966 1197 2999 was
1219 2950 1270 3000 suf-

216 3017 408 3082 complainthat
425 3033 475 3080 you
492 3018 556 3065 have
573 3033 607 3065 no
624 3016 717 3065 reluxe-
769 3016 875 3080 ficiently
893 3018 1032 3082 handsome
1056 3016 1117 3066 then
1140 3023 1165 3065 to
1183 3015 1269 3080 justily

217 3083 278 3143 tion,
298 3082 395 3145 though
415 3098 477 3147 your
497 3082 568 3131 labor
587 3080 608 3131 is
626 3081 656 3131 ol
675 3081 718 3131 the
769 3082 1054 3147 personuladornment.

217 3148 325 3198 herdest.
802 3161 841 3211 33.
852 3148 1269 3213 immunem,wilhemptyhands,

251 3214 289 3263 26.
308 3227 423 3276 urgues,
441 3230 495 3277 you
517 3213 627 3262 contend
648 3213 718 3273 reith
769 3212 801 3277 by
812 3213 852 3262 his
864 3229 922 3263 own
934 3214 1050 3277 personal
1068 3214 1213 3264 cbarms.-
1225 3228 1268 3263 re·

217 3279 340 3345 implying
351 3279 394 3327 the
405 3277 525 3340 difficulty
537 3277 566 3326 ol
580 3278 623 3326 the
635 3277 699 3328 rask.
769 3279 846 3342 pacit
867 3281 904 3327 rie.
918 3285 962 3327 not
974 3279 1070 3340 usually
1083 3279 1140 3328 thus
1151 3278 1260 3342 pleased.

252 3356 291 3407 27.
309 3358 367 3392 non
385 3351 468 3401 tecta,
480 3349 542 3392 etc:
566 3345 616 3392 end
634 3359 663 3391 so
681 3359 719 3409 re·
803 3356 843 3405 34.
861 3344 956 3393 media
974 3344 1009 3392 de
1027 3345 1104 3409 luce:
1128 3343 1160 3392 ci.
1186 3343 1229 3391 Od.
1248 3343 1268 3391 I.

218 3408 319 3472 quiring
340 3423 409 3456 more
429 3407 500 3455 labor
516 3422 550 3454 on
568 3413 675 3455 account
692 3407 722 3455 ol
772 3421 793 3455 1.
806 3420 845 3456 ιο.

218 3471 633 3585 ρτενὶοιὲεὴηεςὶᾷοῐ.-αῗοῖεπι,
654 3478 716 3583 etp:
803 3483 842 3536 35.
860 3485 931 3520 cena
959 3472 1068 3520 breviar
1099 3473 1136 3520 ie.
1165 3471 1270 3519 without

219 3551 305 3585 r.e.en
352 3551 398 3584 ave
440 3551 501 3584 eea
531 3551 545 3583 e
573 3550 663 3583 ocare
690 3551 719 3583 or
769 3551 827 3584 men
856 3551 963 3584 courses.

219 3600 323 3649 besides.
803 3552 843 3661 36y.
859 3615 912 3649 nec
933 3600 1038 3648 lusisse
1058 3600 1158 3663 pudet:
1181 3601 1220 3647 ie.
1237 3599 1269 3647 he

252 3665 299 3714 28..
311 3665 473 3715 frondibus:
504 3663 628 3727 anciently
657 3665 719 3714 used
769 3663 842 3714 isnot
851 3665 970 3713 ashamed
980 3664 1009 3712 oi
1018 3664 1087 3712 these
1099 3663 1269 3726 indulgences,

171 3772 174 3777 .
219 3729 258 3780 lor
269 3731 364 3780 lodder.
399 3730 437 3779 Cl.
448 3730 517 3792 Virg.
532 3730 586 3778 Ecl.
600 3730 645 3777 IX.
661 3729 700 3778 61.
769 3730 876 3779 because
888 3730 947 3792 they
958 3745 1023 3778 were
1034 3728 1116 3778 suited
1125 3737 1151 3776 to
1165 3728 1203 3776 his
1215 3743 1268 3790 age.

253 3809 291 3858 31.
314 3810 391 3845 nunc
420 3809 482 3858 age,
506 3801 566 3843 etc:
598 3796 637 3843 i.e.
662 3811 719 3842 now
804 3807 842 3858 37.
861 3795 934 3854 istic,
951 3795 1026 3861 there
1044 3795 1070 3843 ln
1093 3794 1135 3843 the
1157 3801 1270 3856 country,

220 3860 367 3919 loolimore
386 3861 474 3926 deeply
493 3867 520 3909 to
537 3875 579 3908 see
597 3859 719 3924 precisely
770 3860 853 3910 where
870 3876 920 3923 yon
937 3859 1164 3922 are-obliquo:
1183 3859 1213 3908 ol
1227 3858 1270 3908 the

220 3927 275 3990 why
286 3929 325 3977 we
338 3926 417 3977 differ.
771 3925 860 3988 glauce
871 3925 900 3976 ol
908 3941 980 3991 envy,
988 3925 1072 3975 which
1083 3941 1134 3975 was
1145 3924 1270 3989 enciently
