3000 4448
234 505 272 544 ιιι.
285 495 421 560 337-365.]
580 493 717 544 nonam
741 493 939 544 arrsrvnna.

234 658 453 741 poscentique
468 677 604 740 gravem
621 677 783 739 persaepe
796 655 936 720 remittit
953 664 1097 727 acutum,

235 780 296 823 nec
312 779 445 842 semper
459 760 566 835 feriet,
584 761 817 844 quodcumque
832 757 1014 822 minabitur
1028 778 1133 821 arcus.
1245 781 1289 830 350

234 861 360 926 Verum
377 863 434 926 ubi
449 863 545 946 plura
560 864 675 928 nitent.
687 863 720 927 in
736 862 891 938 carmine,
909 882 977 926 non
993 881 1055 944 ego
1072 860 1187 942 paucis

234 967 388 1030 offendar
402 967 550 1044 maculis,
568 989 650 1051 quas
666 977 723 1031 aut
740 967 866 1032 incuria
880 966 978 1043 fudit,

234 1079 292 1135 aut
308 1072 454 1134 humana
469 1092 585 1153 parum
602 1071 689 1136 cavit
706 1081 832 1135 natura.
880 1071 972 1155 Quid
988 1091 1068 1154 ergo
1084 1078 1136 1134 est
1152 1069 1163 1132 i

239 1175 286 1240 Vt
302 1175 445 1259 scriptor
460 1175 488 1240 si
504 1185 621 1259 peceat
638 1175 726 1240 idem
742 1174 895 1240 librarius
911 1195 1025 1259 usque,

235 1279 387 1365 quamvis
403 1290 454 1346 est
472 1280 628 1357 monitus,
645 1280 744 1345 venia
758 1289 858 1356 caret,
876 1289 909 1344 et
927 1279 1138 1344 citharoedus
1246 1304 1289 1352 ³5⁵

236 1384 363 1448 ridetur
377 1385 501 1450 chorda
516 1384 571 1467 qui
589 1405 721 1466 semper
735 1385 867 1455 oberrat
885 1384 1011 1459 eadem,

237 1487 285 1550 sic
301 1486 391 1561 mihi,
408 1487 465 1568 qui
482 1487 623 1549 multum
641 1495 759 1561 cessat,
778 1487 815 1549 ht
832 1485 1008 1550 Choerilus
1024 1485 1087 1560 ille,

236 1610 335 1673 quem
351 1589 403 1653 bis
419 1598 512 1652 terve
528 1590 652 1653 bonum
669 1609 746 1653 cum
762 1589 831 1652 risu
847 1589 967 1665 miror;
1004 1597 1038 1652 et
1055 1588 1143 1652 idem

237 1692 392 1775 indignor
407 1693 606 1776 quandoque
622 1694 729 1756 bonus
746 1691 903 1755 dormitat
921 1692 1098 1755 Homerus,

236 1797 363 1860 Verum
379 1795 471 1879 operi
487 1796 588 1879 longo
604 1795 654 1859 ias
671 1804 723 1860 est
739 1797 899 1878 obrepere
914 1816 1077 1859 somnum.
1248 1813 1292 1869 ³⁶0

239 1899 289 1964 Vt
305 1899 443 1982 pictura,
461 1899 571 1982 poesis
586 1920 594 1977 ;
618 1899 681 1962 erit
698 1920 792 1983 quae,
810 1898 838 1964 si
855 1899 989 1982 propius
1006 1908 1084 1974 stes,

237 2012 271 2066 te
287 2003 396 2085 capiat
413 2003 529 2085 magis,
547 2013 581 2066 et
597 2004 769 2086 quaedam,
787 2001 816 2066 si
831 2002 963 2086 longius
979 2005 1102 2067 abstes.

239 2105 335 2169 Haec
349 2115 438 2168 amat
455 2107 632 2169 obscurum
646 2126 653 2181 ;
676 2106 765 2168 volet
782 2108 864 2170 haec
881 2108 943 2170 sub
959 2106 1033 2169 luce
1048 2106 1163 2179 videri,

239 2205 357 2270 iudicis
370 2216 525 2289 argutum
542 2227 626 2288 quae
643 2227 710 2270 non
727 2207 884 2270 formidat
899 2229 1040 2270 acumen
1053 2228 1060 2283 ;

238 2309 319 2372 haec
334 2308 460 2391 placuit
477 2308 590 2383 semel,
608 2308 690 2372 haec
706 2309 840 2373 deciens
858 2310 999 2391 repetita
1014 2309 1167 2392 placebit.
1249 2327 1292 2383 ³⁶5

271 2487 327 2540 350·
346 2467 513 2526 minabitur:
532 2493 564 2526 sc.
576 2476 665 2526 ferire.
790 2477 816 2527 iu
834 2476 958 2527 Choerilus
973 2477 1060 2526 makes
1073 2477 1124 2526 him
1138 2477 1223 2540 laugh,
1236 2478 1254 2526 it
1272 2478 1292 2527 ia

272 2553 327 2605 351.
346 2541 436 2605 plura,
465 2548 527 2590 ete:
558 2542 591 2591 cs.
619 2544 642 2590 si
670 2543 740 2590 »trodo
791 2558 819 2591 so
842 2543 1005 2606 unexpected,
1023 2544 1074 2591 and
1099 2543 1137 2591 ior
1160 2542 1202 2592 the
1225 2557 1293 2592 same
1352 2595 1355 2601 Δ

240 2607 323 2670 plura
352 2607 419 2656 mihi
447 2607 511 2656 bona
539 2615 608 2667 sunt,
638 2609 690 2656 Sat.
718 2609 739 2656 1.
790 2608 963 2658 reasonabad
976 2607 1047 2670 thing
1060 2607 1085 2656 in
1096 2609 1194 2657 Homer
1206 2608 1293 2657 makes

239 2685 261 2734 3.
276 2683 314 2733 71.
704 2737 710 2749 ⁶
742 2702 743 2705 =
792 2673 842 2722 him
855 2673 995 2734 indignant.

239 2737 741 2865 ,restauraturum
791 2737 1291 2853 ,itiilt‘ttatktlltlttntt·

240 2867 414 2930 ture-quid
431 2882 498 2929 ergo
517 2875 575 2916 est:
594 2867 664 2915 rohai
677 2867 744 2915 shall
791 2867 877 2930 length
892 2867 922 2916 oi
936 2867 975 2916 bis
992 2869 1262 2926 work—somnum,
1275 2885 1291 2917 a

239 2947 276 2980 we
286 2947 331 2995 say
342 2933 421 2982 then?
434 2933 479 2996 (cf.
493 2933 606 2981 Romans
618 2933 663 2980 VI.
677 2933 714 2995 t),
726 2948 741 2980 a
791 2933 869 2996 sleepy
881 2939 997 2982 moment.

240 2997 379 3046 correction
399 2997 429 3046 os
449 2998 491 3046 the
512 2999 640 3048 inierence
659 2997 740 3047 which
825 2998 880 3061 361.
899 3006 931 3048 ut
962 2998 1058 3058 ictura,
1071 3008 1133 3048 ete:
1148 3000 1292 3049 i.e.awork

240 3061 320 3125 might
342 3061 374 3111 be
400 3063 485 3112 drawn
509 3064 572 3112 from
596 3065 638 3112 the
661 3065 741 3112 above
791 3063 821 3132 pt
830 3071 868 3114 art
879 3014 970 3114 should
986 3064 1018 3113 be
1032 3064 1127 3128 judged
1142 3065 1192 3113 like
1209 3081 1224 3114 ι
1241 3065 1292 3142 pic·

240 3125 362 3191 leniency.
792 3137 854 3188 ture,
866 3137 910 3179 not
923 3131 954 3192 hy
967 3147 999 3179 an
1010 3129 1155 3179 immutable
1168 3131 1292 3190 criterron,

274 3205 330 3309 3317.
348 3194 469 3244 multum
482 3204 591 3245 cessat:
606 3197 644 3244 tle.
652 3195 673 3244 is
684 3211 742 3244 ever
792 3196 836 3245 but
860 3196 886 3245 in
908 3196 1036 3246 reference
1060 3203 1086 3245 to
1108 3196 1139 3244 its
1164 3197 1293 3246 character

241 3260 588 3324 neg'gent.-Choeri1us:
613 3261 646 3309 cf.
664 3261 700 3310 ΙΙ.
722 3274 742 3310 r.
793 3262 844 3311 and
857 3277 940 3326 scope.
969 3262 1292 3311 Tintorettoandllolbein

242 3337 297 3388 233.
793 3343 835 3376 are
852 3333 898 3376 not
915 3344 944 3376 ex
963 3329 1034 3377 ected
1047 3331 1072 3376 to
1085 3328 1149 3376 have
1166 3328 1208 3376 the
1225 3343 1293 3376 same

275 3391 330 3456 358.
348 3390 392 3440 bie
403 3399 480 3440 terve
492 3392 615 3440 bonum:
635 3393 674 3440 ie.
687 3392 743 3440 itis
794 3393 877 3441 touch.
923 3345 965 3442 All
993 3393 1042 3442 this
1071 3393 1168 3458 applies
1191 3393 1244 3442 also
1267 3401 1293 3440 to

242 3471 257 3502 a
277 3463 366 3504 matter
388 3455 740 3520 oiproportionae-miror:
793 3465 889 3521 poetry.
972 3463 974 3467 '

243 3521 281 3567 i.e.
294 3520 306 3566 l
319 3519 412 3567 marvel
424 3519 478 3568 that
490 3521 521 3568 he
535 3521 624 3568 should
641 3523 742 3585 happen
827 3522 881 3583 363.
901 3531 978 3571 amat
989 3525 1157 3572 obscurum:
1173 3523 1211 3571 rie.
1222 3522 1294 3571 meda

169 3601 172 3610 ·
242 3590 268 3630 to
280 3583 387 3631 succeed
399 3599 463 3631 once
475 3600 503 3632 or
515 3585 593 3643 twice,
604 3585 654 3632 and
666 3584 742 3647 laugh
792 3584 875 3633 adim
888 3586 956 3649 light.

242 3654 267 3696 at
278 3646 321 3695 the
332 3647 384 3726 odd
397 3648 519 3726 accident.
621 3715 625 3724 ι
827 3651 882 3713 365.
900 3651 997 3726 semel,
1012 3651 1140 3700 deciens:
1161 3651 1228 3699 i.e.a
1245 3650 1293 3714 pic·

242 3713 743 3842 ,3331{tlthtat‘zhtuuhlt
794 3714 907 3828 ital:
922 3714 1293 3829 litttttth‘tttrltt

242 3841 271 3890 oi
281 3843 340 3891 him.
374 3844 428 3892 The
441 3851 490 3892 two
502 3844 608 3906 feelings
620 3844 678 3893 thus
687 3861 744 3894 con·
795 3844 875 3893 serent
893 3851 1024 3894 treatment
1042 3845 1106 3894 from
1120 3851 1293 3910 spermanent

244 3908 336 3957 trasted
350 3909 419 3956 show
433 3909 556 3958 Horace's
567 3909 670 3972 general
687 3909 743 3958 esti·
795 3911 865 3958 work
877 3910 906 3958 oi
915 3918 960 3959 art.

244 3980 309 4021 mate
321 3973 350 4022 oi
359 3973 401 4022 the
413 3980 462 4022 two
472 3982 555 4038 poets;
571 3990 587 4022 a
595 3975 663 4038 good
672 3975 745 4040 thing
